2646 3937
503 792 799 852 METRA
842 793 1095 853 HVIVS
1137 791 1511 851 FABVLAE
1553 791 1774 851 HAEC
1819 790 2034 850 SVNT

606 973 718 1023 Ver.
747 989 767 1022 1
796 974 860 1023 ad
896 949 989 1037 154
1023 972 1222 1023 iambici
1254 972 1432 1021 senarii

642 1091 672 1116 „
745 1069 836 1118 155
870 1055 936 1104 ad
973 1064 1063 1118 157
1099 1053 1338 1104 trochaici
1369 1052 1607 1103 octonarii

642 1173 674 1197 ‚‚
745 1138 835 1198 158
869 1136 1149 1185 trochaicus
1180 1134 1387 1183 dimeter
1418 1133 1728 1184 catalecticus

643 1254 673 1279 ‚,
747 1231 837 1282 159
869 1218 1112 1267 iambicus
1146 1215 1427 1266 octonarius

640 1336 667 1361 ‚‚
741 1297 833 1347 160
864 1305 915 1347 et
953 1297 1042 1347 162
1077 1296 1315 1347 trochaici
1350 1296 1589 1346 octonarii

643 1417 672 1441 ‚‚
746 1380 853 1440 161,
894 1378 1003 1442 163,
1045 1377 1138 1443 164
1170 1378 1410 1429 trochaici
1443 1378 1704 1442 septenarii

639 1499 671 1521 ‚‚
745 1461 835 1525 165
871 1462 1148 1512 trochaicus
1182 1460 1460 1510 octonarius
1564 1469 1571 1478 ‘

640 1580 671 1606 ,‚
745 1543 837 1593 166
869 1544 1112 1593 iambicus
1144 1543 1425 1593 octonarius

640 1661 676 1685 ‚,
748 1624 837 1688 167
872 1625 937 1673 ad
974 1624 1066 1687 169
1100 1623 1336 1674 trochaici
1369 1624 1626 1687 septenarii

644 1743 675 1767 ‚,
748 1716 839 1769 170
873 1706 938 1755 ad
975 1703 1065 1770 196
1098 1705 1302 1755 iambici
1337 1705 1578 1754 octonarii

646 1824 678 1848 ‚,
750 1798 838 1852 197
876 1786 939 1836 ad
976 1789 1067 1836 208
1102 1786 1338 1837 trochaici
1372 1786 1630 1851 septenarii

644 1904 675 1927 ,‚
746 1883 838 1932 209
871 1868 1110 1918 iambicus
1142 1867 1445 1933 septenarius

643 1987 678 2012 ‚‚
747 1964 839 2000 210
870 1950 936 1999 ad
972 1961 1063 2015 227
1097 1949 1296 2000 iambici
1331 1950 1568 2000 octonarii

644 2067 676 2090 „
747 2034 838 2081 228
872 2032 937 2080 ad
975 2045 1065 2094 253
1097 2032 1298 2081 iambici
1334 2032 1509 2081 senarii

643 2149 677 2174 ‚,
747 2126 837 2176 254
870 2113 936 2162 ad
973 2116 1064 2177 287
1096 2113 1301 2163 iambici
1335 2114 1571 2163 octonarii

639 2232 671 2255 ‚‚
744 2197 834 2245 288
870 2195 1147 2245 trochaicus
1178 2195 1480 2260 septenarius

641 2312 676 2335 „
745 2277 838 2340 289
870 2276 935 2325 ad
972 2290 1059 2340 291
1097 2276 1299 2326 iambici
1333 2276 1570 2326 octonarii

646 2394 677 2418 ‚,
746 2372 836 2422 292
872 2365 922 2408 et
958 2373 1051 2422 293
1084 2358 1322 2408 trochaici
1357 2359 1616 2423 septenarii

641 2475 672 2498 ‚,
743 2453 836 2504 294
866 2439 1104 2489 iambicus
1135 2441 1416 2490 octonarius

644 2556 676 2580 ‚,
747 2534 838 2584 295
873 2521 939 2569 ad
974 2523 1065 2585 298
1098 2522 1337 2571 trochaici
1367 2522 1628 2586 septenarii

647 2639 679 2663 „
748 2618 839 2667 299
872 2604 936 2652 ad
971 2617 1063 2666 302
1098 2605 1299 2654 iambici
1333 2605 1571 2654 octonarii

647 2720 677 2745 „
746 2698 838 2747 303
872 2693 921 2735 et
957 2700 1052 2750 304
1085 2686 1322 2736 trochaici
1355 2686 1614 2750 septenarii

647 2801 678 2825 ‚‚
745 2779 837 2828 305
873 2768 936 2816 ad
971 2767 1066 2829 316
1097 2768 1299 2817 iambici
1333 2767 1573 2817 octonarii

649 2882 675 2907 ‚,
746 2858 838 2912 317
873 2849 1114 2899 iambicus
1144 2849 1479 2914 quaternarius

645 2965 677 2988 ,‚
745 2931 838 2990 318
872 2937 921 2979 et
957 2943 1052 2994 319
1085 2929 1320 2980 trochaici
1352 2929 1612 2994 septenarii

644 3045 676 3068 „
746 3023 841 3071 320
872 3011 1113 3060 iambicus
1144 3012 1425 3061 octonarius

646 3127 675 3149 ‚‚
745 3105 835 3153 321
872 3092 938 3142 ad
972 3107 1067 3158 329
1102 3093 1338 3144 trochaici
1371 3095 1628 3158 septenarii

649 3208 678 3233 ‚‚
747 3187 842 3235 330
873 3175 939 3223 ad
972 3189 1068 3239 354
1099 3175 1302 3225 iambici
1338 3176 1574 3225 octonarii

647 3289 679 3313 ‚,
745 3268 837 3318 355
873 3256 938 3305 ad
972 3255 1067 3318 516
1099 3257 1298 3307 iambici
1331 3258 1507 3306 senarii

646 3371 675 3395 ,‚
744 3347 837 3401 517
873 3337 1148 3388 trochaicus
1180 3340 1457 3389 octonarius

646 3452 673 3476 ‚,
745 3420 837 3479 518
871 3419 1148 3469 trochaicus
1179 3420 1480 3484 septenarius
1696 3409 1743 3487 λ’
1821 3462 1827 3471 .

642 3533 675 3558 ‚‚
745 3512 838 3563 519
872 3501 937 3550 ad
971 3513 1063 3564 522
1101 3501 1298 3551 iambici
1334 3502 1572 3553 octonarii
1646 3518 1663 3553 ς’
1696 3561 1700 3565 .
1740 3492 1745 3497 ’
1788 3506 1795 3513 ”
1856 3520 1865 3545 ³
1946 3522 1977 3549 «⁴
